@article{Chang:17,
  author    = {Haw{-}Shiuan Chang and
               ZiYun Wang and
               Luke Vilnis and
               Andrew McCallum},
  title     = {Distributional Inclusion Vector Embedding
for Unsupervised Hypernymy Detection},
  journal   = {CoRR},
  volume    = {abs/1710.00880},
  year      = {2017},
  url       = {http://arxiv.org/abs/1710.00880},
  archivePrefix = {arXiv},
  eprint    = {1710.00880},
  timestamp = {Wed, 01 Nov 2017 19:05:43 +0100},
  biburl    = {http://dblp.org/rec/bib/journals/corr/abs-1710-00880},
  bibsource = {dblp computer science bibliography, http://dblp.org}
}

@article{Paass:11,
author = {Paass, Gerhard and Konya, Iuliu},
year = {2011},
month = {01},
pages = {},
title = {Machine Learning for Document Structure Recognition},
volume = {370},
booktitle = {Studies in Computational Intelligence}
}

@article{Mirroshandel:12,
 author = {Mirroshandel, Seyed Abolghasem and Ghassem-Sani, Gholamreza},
 title = {Towards Unsupervised Learning of Temporal Relations Between Events},
 journal = {J. Artif. Int. Res.},
 issue_date = {September 2012},
 volume = {45},
 number = {1},
 month = sep,
 year = {2012},
 issn = {1076-9757},
 pages = {125--163},
 numpages = {39},
 url = {http://dl.acm.org/citation.cfm?id=2444851.2444855},
 acmid = {2444855},
 publisher = {AI Access Foundation},
 address = {USA},
}

@article{Griffiths:04,
 author = {Griffiths, Thomas L, Jordan, Michael I, Tenenbaum, Joshua B, Blei, David M},
 title = {Hierarchical topic models and the nested chinese restaurant process},
 journal = {Advances in neural information processing systems (NIPS)},
 year = {2004},
 pages = {17--24},
 numpages = {8},
 url = {http://papers.nips.cc/paper/2466-hierarchical-topic-models-and-the-nested-chinese-restaurant-process.pdf},
 address = {USA},
}

@inproceedings{Liang:15,
  author    = {Liang, Chen  and  Wu, Zhaohui  and  Huang, Wenyi  and  Giles, C. Lee},
  title     = {Measuring Prerequisite Relations Among Concepts},
  booktitle = {Proceedings of the 2015 Conference on Empirical Methods in Natural Language Processing},
  month     = {September},
  year      = {2015},
  address   = {Lisbon, Portugal},
  publisher = {Association for Computational Linguistics},
  pages     = {1668--1674},
  url       = {http://aclweb.org/anthology/D15-1193}
}

@inproceedings{wang2015concept,
  title={Concept hierarchy extraction from textbooks},
  author={Wang, Shuting and Liang, Chen and Wu, Zhaohui and Williams, Kyle and Pursel, Bart and Brautigam, Benjamin and Saul, Sherwyn and Williams, Hannah and Bowen, Kyle and Giles, C Lee},
  booktitle={Proceedings of the 2015 ACM Symposium on Document Engineering},
  pages={147--156},
  year={2015},
  organization={ACM}
}

@inproceedings{AlSaad,
  title={Mining Lecture Transcripts to Construct Concept Dependency Graphs for MOOCs},
  author={ALSaad,Fareedah and Boughoula, Assma and Geigle, Chase and Sundaram, Hari and Zhai, ChengXiang},
  booktitle={Proceedings of the 2018 Educational Data Mining Conference},
  year={2018}
}

@article{jonyer2001graph,
  title={Graph-based hierarchical conceptual clustering},
  author={Jonyer, Istvan and Cook, Diane J and Holder, Lawrence B},
  journal={Journal of Machine Learning Research},
  volume={2},
  number={Oct},
  pages={19--43},
  year={2001}
}

@article{liu2016learning,
  title={Learning concept graphs from online educational data},
  author={Liu, Hanxiao and Ma, Wanli and Yang, Yiming and Carbonell, Jaime},
  journal={Journal of Artificial Intelligence Research},
  volume={55},
  pages={1059--1090},
  year={2016}
}

@inproceedings{siddiqui2016facetgist,
  title={FacetGist: Collective Extraction of Document Facets in Large Technical Corpora},
  author={Siddiqui, Tarique and Ren, Xiang and Parameswaran, Aditya and Han, Jiawei},
  booktitle={Proceedings of the 25th ACM International on Conference on Information and Knowledge Management},
  pages={871--880},
  year={2016},
  organization={ACM}
}

@article{shang2017automated,
  title={Automated phrase mining from massive text corpora},
  author={Shang, Jingbo and Liu, Jialu and Jiang, Meng and Ren, Xiang and Voss, Clare R and Han, Jiawei},
  journal={arXiv preprint arXiv:1702.04457},
  year={2017}
}

@inproceedings{liu2015mining,
  title={Mining quality phrases from massive text corpora},
  author={Liu, Jialu and Shang, Jingbo and Wang, Chi and Ren, Xiang and Han, Jiawei},
  booktitle={Proceedings of the 2015 ACM SIGMOD International Conference on Management of Data},
  pages={1729--1744},
  year={2015},
  organization={ACM}
}

@article{el2014scalable,
  title={Scalable topical phrase mining from text corpora},
  author={El-Kishky, Ahmed and Song, Yanglei and Wang, Chi and Voss, Clare R and Han, Jiawei},
  journal={Proceedings of the VLDB Endowment},
  volume={8},
  number={3},
  pages={305--316},
  year={2014},
  publisher={VLDB Endowment}
}

@inproceedings{pennington2014glove,
  author = {Jeffrey Pennington and Richard Socher and Christopher D. Manning},
  booktitle = {Empirical Methods in Natural Language Processing (EMNLP)},
  title = {GloVe: Global Vectors for Word Representation},
  year = {2014},
  pages = {1532--1543},
  url = {http://www.aclweb.org/anthology/D14-1162},
}

@incollection{NIPS2013_5021,
title = {Distributed Representations of Words and Phrases and their Compositionality},
author = {Mikolov, Tomas and Sutskever, Ilya and Chen, Kai and Corrado, Greg S and Dean, Jeff},
booktitle = {Advances in Neural Information Processing Systems 26},
editor = {C. J. C. Burges and L. Bottou and M. Welling and Z. Ghahramani and K. Q. Weinberger},
pages = {3111--3119},
year = {2013},
publisher = {Curran Associates, Inc.},
url = {http://papers.nips.cc/paper/5021-distributed-representations-of-words-and-phrases-and-their-compositionality.pdf}
}

@article{devlin2018bert,
  title={BERT: Pre-training of Deep Bidirectional Transformers for Language Understanding},
  author={Devlin, Jacob and Chang, Ming-Wei and Lee, Kenton and Toutanova, Kristina},
  journal={arXiv preprint arXiv:1810.04805},
  year={2018}
}
